@book{knuth1986,
  title={The \TeX{} Book},
  author={Knuth, Donald E.},
  year={1986},
  publisher={Addison-Wesley Professional}
}

@book{lamport1994,
  title={\LaTeX: a document preparation system},
  author={Lamport, Leslie},
  year={1994},
  edition={2nd},
  publisher={Addison Wesley, Massachusetts}
}